<record><leader>00000cas a22000007a 4500</leader><controlfield tag="001">33479451</controlfield><controlfield tag="008">951114d191519uuakuuu ne      0    0eng d</controlfield><datafield ind1=" " ind2=" " tag="010"><subfield code="a">sn 95060063 </subfield></datafield><datafield ind1=" " ind2=" " tag="040"><subfield code="a">ANE</subfield><subfield code="b">eng</subfield><subfield code="c">ANE</subfield><subfield code="d">OCLCQ</subfield><subfield code="d">OCLCF</subfield><subfield code="d">OCLCO</subfield></datafield><datafield ind1="1" ind2=" " tag="029"><subfield code="a">AU@</subfield><subfield code="b">000025854571</subfield></datafield><datafield ind1=" " ind2=" " tag="042"><subfield code="a">msc</subfield></datafield><datafield ind1=" " ind2=" " tag="043"><subfield code="a">n-us-ak</subfield></datafield><datafield ind1="0" ind2="0" tag="245"><subfield code="a">[Alaska wireless bulletin].</subfield></datafield><datafield ind1=" " ind2=" " tag="260"><subfield code="a">[Livengood, Alaska :</subfield><subfield code="b">Alaska Wireless Telegraph Co.]</subfield></datafield><datafield ind1=" " ind2=" " tag="300"><subfield code="a">v.</subfield></datafield><datafield ind1="1" ind2=" " tag="362"><subfield code="a">Began in 1915?</subfield></datafield><datafield ind1=" " ind2=" " tag="500"><subfield code="a">Published in Brooks, Alaska &lt;Oct. 7, 1915-&gt;.</subfield></datafield><datafield ind1=" " ind2=" " tag="515"><subfield code="a">Issues lack numeric designations.</subfield></datafield><datafield ind1=" " ind2=" " tag="588"><subfield code="a">Description based on: Aug. 28, 1915; title from Sept. 15, 1915 issue.</subfield></datafield><datafield ind1=" " ind2="0" tag="651"><subfield code="a">Livengood (Alaska)</subfield><subfield code="v">Newspapers.</subfield></datafield><datafield ind1=" " ind2="7" tag="655"><subfield code="a">Newspapers.</subfield><subfield code="2">fast</subfield><subfield code="0">(OCoLC)fst01423814</subfield></datafield><datafield ind1=" " ind2="7" tag="651"><subfield code="a">Alaska</subfield><subfield code="z">Livengood.</subfield><subfield code="2">fast</subfield><subfield code="0">(OCoLC)fst01262944</subfield></datafield><datafield ind1=" " ind2=" " tag="752"><subfield code="a">United State</subfield><subfield code="b">Alaska</subfield><subfield code="d">Brooks.</subfield></datafield><datafield ind1=" " ind2=" " tag="752"><subfield code="a">United States</subfield><subfield code="b">Alaska</subfield><subfield code="d">Livengood.</subfield></datafield></record>